2206 3423
980 267 1102 361 «ἑζξῖ
1164 299 1219 330 VI
1293 266 1416 360 ἓξὲξ

577 384 637 422 Ac
669 379 770 422 mihi
802 379 963 437 quidem
993 379 1135 423 versari
1178 382 1333 423 videtur
1369 395 1461 424 ante
1503 383 1632 425 oculos
1670 383 1818 441 delapsa

577 453 685 496 Caelo
716 454 874 509 Religio
895 486 906 507 ,
952 468 1036 510 quae
1067 467 1202 495 monet
1225 487 1238 508 ,
1277 454 1404 496 divini
1435 456 1607 497 hominis
1638 458 1819 499 Sacerdo-

578 527 678 568 tium
702 543 779 569 non
800 528 847 568 ad
869 528 1048 569 humanae
1074 527 1284 584 prudentiae
1305 530 1538 570 documenta
1560 529 1816 585 exigendum,

576 598 636 641 sed
678 602 725 642 ad
765 601 960 643 rationem
999 599 1216 642 sanfflffimi
1255 602 1425 643 muneris
1453 635 1465 657 ,
1507 604 1542 643 8<
1583 603 1629 643 ad
1662 603 1811 659 optima

575 689 737 730 quaeque
759 674 938 731 exempla
958 675 1101 716 veteris
1126 673 1354 732 disciplina:-
1376 675 1580 717 Nimirum
1603 677 1675 717 hoc
1691 692 1814 718 unum

575 747 710 789 animo
731 747 810 788 alte
832 748 1018 790 defixerat
1041 752 1259 792 CAROLUS
1282 749 1500 790 Cardinalis
1522 753 1789 793 Rsszomcus
1805 783 1818 804 ‚

574 835 665 861 ‘cum
706 821 905 861 Benediffi
948 825 1057 861 XIV.
1103 821 1375 875 sapientiffimo
1414 821 1558 874 judicio
1602 823 1815 864 Ecclesiam

573 892 805 934 Patavinam
832 891 1174 932 administrandam
1197 890 1429 948 suscepi-sset,
1456 909 1579 950 quam
1613 894 1712 937 sacra
1739 909 1813 938 tra-

573 966 656 1006 dita
701 963 769 1005 suae
810 964 898 1005 fidei
941 963 1031 1005 effet
1062 964 1280 1020 Religionis
1324 965 1492 1007 custodia
1517 999 1530 1021 ,
1572 983 1656 1024 quae
1688 962 1812 1024 gregis

569 1036 748 1094 'pascendi
780 1052 895 1091 cura,
926 1038 1019 1094 quid
1052 1053 1147 1079 voce
1180 1039 1456 1095 praestandum,
1488 1041 1582 1096 quid
1608 1041 1816 1098 exemplo,

569 1111 668 1167 quid
711 1111 869 1152 consilio
895 1143 906 1164 ‚
958 1111 1051 1168 quid
1083 1112 1230 1154 auxili-o
1254 1143 1265 1153 .
1305 1113 1414 1169 Quid
1454 1112 1558 1154 aliud
1596 1115 1815 1171 cogitavit,

568 1184 668 1240 quid
700 1184 805 1239 egit,
836 1199 925 1225 cum
957 1184 1151 1226 Dioecesm
1176 1186 1443 1242 perlustraret,
1474 1202 1564 1228 cum
1595 1188 1814 1229 minoribus

574 1258 803 1299 Sacerdotiis
847 1258 1155 1315 probatissimum
1198 1274 1394 1316 quemque
1438 1260 1645 1317 praeficeret
1672 1293 1683 1315 ,
1724 1277 1813 1303 cum

573 1330 781 1373 Seminarii
814 1331 934 1373 studia
953 1331 1271 1390 disciplinamque
1304 1333 1480 1388 foveret,
1508 1350 1600 1376 cum
1634 1335 1813 1390 aegrotis,

569 1403 749 1458 senibus,
780 1404 917 1461 puellis
938 1406 1186 1461 egent-issimis
1216 1406 1362 1448 alendis
1383 1423 1461 1449 non
1484 1409 1602 1450 modo
1634 1409 1812 1451 Ecclefiae

566 1477 853 1534 «patrimonium
879 1511 892 1532 ,
942 1478 1003 1520 sed
1047 1480 1168 1521 etia-m
1219 1481 1473 1523 domesticum
1517 1481 1809 1539 profunderet3

571 1550 665 1606 quid
687 1583 699 1604 ‚
742 1550 903 1608 inquam
929 1585 942 1606 ,
983 1552 1065 1607 egit
1096 1553 1201 1595 aliud
1221 1586 1233 1608 ‚
1277 1556 1371 1611 quid
1403 1556 1592 1611 cogitavit
1613 1589 1625 1610 ‚
1667 1557 1734 1598 nisi
1769 1568 1812 1598 ut

567 1622 889 1666 usanffiffimorum
919 1624 1126 1668 Praesu-lum
1157 1629 1370 1669 Borromaei
1402 1645 1444 1670 ac
1466 1630 1667 1672 Barbadici
1701 1630 1812 1672 vesti·

563 1696 643 1751 «giis
661 1696 870 1737 insisteret?
909 1699 1019 1752 Quid
1047 1714 1141 1739 cum
1172 1701 1233 1739 his
1262 1701 1387 1739 veluti
1409 1704 1586 1754 gradibus
1623 1704 1664 1743 in
1697 1702 1810 1744 Vati-

570 1783 737 1822 canum,
767 1769 808 1810 in
837 1768 948 1810 illam
971 1771 1083 1826 quali
1110 1769 1298 1826 speculam
1325 1773 1451 1814 Totius
1472 1774 1682 1815 Christiani
1705 1775 1806 1816 orbis

563 1840 787 1883 ascendiffet
812 1874 824 1895 ,
868 1857 963 1883 num
995 1842 1080 1884 aliis
1109 1843 1203 1885 vitae
1235 1844 1420 1887 institutis
1440 1879 1453 1900 ‚
1493 1846 1579 1888 aliis
1610 1847 1811 1903 moribus,

570 1914 655 1956 aliis
676 1915 841 1957 consiliis
872 1916 913 1958 in
941 1915 1091 1957 summa
1123 1917 1309 1973 religione
1346 1920 1488 1960 tuenda
1519 1920 1588 1960 fibi
1621 1921 1809 1963 utendum

570 1988 834 2030 existimaret?
866 1991 1104 2031 Terrebatur
1133 1989 1201 2031 ille
1233 1991 1391 2046 quidem
1413 2024 1426 2045 ,
1457 2006 1533 2048 qua
1564 2005 1645 2033 erat
1677 1994 1808 2035 modeae

570 2059 639 2100 stia
664 2092 676 2113 ‚
707 2060 808 2101 tanti
833 2062 1012 2102 muneris
1039 2077 1249 2118 rerumque
1283 2075 1480 2105 tantarum
1511 2066 1807 2122 magnitudine,

570 2144 613 2173 ut
638 2164 651 2185 ‚
701 2133 804 2189 quod
848 2132 1097 2176 sanffiffimos
1135 2134 1240 2177 viros
1272 2135 1401 2178 *feciffe
1439 2139 1659 2195 accepimus
1684 2171 1696 2193 ,
1738 2141 1806 2183 d-iu

559 2205 691 2247 etiam
724 2206 970 2264 repugnarit3
1000 2219 1042 2265 at
1073 2223 1120 2252 eo
1149 2209 1310 2267 demum
1334 2210 1475 2254 «retulit
1505 2212 1683 2255 animum
1705 2245 1718 2266 ‚
1759 2226 1803 2256 ua:

1630 2285 1749 2330 intel·
