2206 3423
781 398 902 493 ‘³⁴ss
953 429 980 459 v
1001 427 1047 458 11
1099 404 1221 496 „ig-(5⁶

375 501 611 560 intelligeret
632 539 645 561 ‚
675 522 765 550 cum
795 515 910 554 Petro
940 525 1057 571 atque
1088 518 1283 573 Apostolis
1326 521 1466 564 tradita
1508 525 1615 566 divi-

374 576 478 619 nitus
510 579 678 622 Ecclefia
719 581 861 639 fuerit,
903 585 946 627 in
987 587 1056 629 illa
1092 592 1369 634 communione
1408 598 1603 651 potestatis

373 664 627 710 curarumque
660 654 865 711 societate,
897 657 956 712 se,
988 660 1056 716 qui
1081 662 1185 703 Petri
1207 663 1249 705 in
1274 664 1404 706 loeum
1430 672 1607 725 veniret,

371 735 414 764 ut
435 725 625 780 dignitate
650 727 755 770 inter
784 742 956 784 ceteros,
985 732 1042 773 ita
1062 734 1292 790 vigilantia,
1324 737 1605 795 sollicitudine,

370 796 563 840 virtutum
596 799 790 856 splendore
822 803 990 858 praestare
1022 820 1198 861 oportere
1223 839 1241 849 .>
1265 813 1400 866 Itaque
1433 813 1506 854 hoc
1537 813 1604 856 ille

366 869 501 912 animo
535 870 677 914 summi
703 890 798 915 onus
823 877 1034 918 Sacerdotii
1060 877 1295 922 subeundum
1329 881 1601 927 sustinendum-

364 958 440 999 que
472 943 685 1001 judicavit,
716 960 760 989 ut
790 949 925 990 eadem
952 949 1021 992 illa
1051 950 1199 1007 ingenii
1226 953 1502 1012 mansuetudo,
1531 959 1601 1000 illa

364 1016 484 1059 studia
515 1020 693 1075 pietatis,
724 1021 800 1063 illa·
825 1023 1048 1065 divinarum
1079 1040 1209 1067 rerum
1240 1029 1362 1070 tutela
1386 1062 1399 1083 ,
1437 1030 1505 1072 illa
1535 1032 1598 1073 de·

362 1090 481 1147 anue
511 1093 672 1134 Pastoris
711 1095 992 1149 vigilantissimi
1024 1097 1147 1139 virtus
1166 1131 1178 1152 ,
1215 1115 1299 1155 quae
1334 1100 1367 1143 se
1398 1104 1594 1146 Patavinis

361 1162 503 1204 finibus
533 1166 777 1208 continuerat
796 1201 809 1222 ,
851 1169 893 1210 in
934 1185 1067 1212 omnes
1098 1172 1324 1215 Christianae
1355 1176 1594 1232 Reipublicae

359 1236 575 1291 provincias
607 1254 725 1295 quam
756 1240 934 1283 latiffime
966 1256 1113 1300 pateret
1139 1275 1149 1284 .
1185 1249 1277 1299 Jam
1307 1262 1396 1289 cum
1439 1250 1592 1293 caelestis

358 1309 507 1351 aedificii
538 1325 662 1368 partes
699 1329 833 1356 omnes
875 1314 1001 1357 sedulo
1032 1316 1278 1374 exploraret,
1319 1320 1372 1362 sui
1403 1323 1476 1364 hoc
1507 1339 1591 1365 mu-

357 1383 456 1423 neris
486 1384 598 1426 duxit
642 1384 773 1443 suique
817 1388 1002 1442 consilii,
1046 1403 1088 1431 ut
1134 1391 1230 1432 illud
1271 1393 1491 1437 firmiffimis
1528 1412 1590 1439 co-

353 1455 522 1511 lumnis,
553 1473 600 1500 ne
632 1474 708 1516 qua
739 1459 873 1503 sensim
903 1476 1121 1517 corrueret,
1152 1465 1365 1508 identidem
1397 1467 1549 1510 fulciret
1575 1501 1589 1511 .

353 1531 568 1573 Intuemini
610 1548 706 1589 quos
749 1535 852 1577 viros
878 1569 890 1589 ,
944 1553 1021 1593 qua
1076 1537 1266 1593 probitate
1310 1554 1353 1580 ac
1400 1539 1617 1598 sapientia'

350 1601 390 1642 in
434 1606 593 1647 Sacrum
624 1608 893 1650 Cardinalium
925 1610 1149 1665 Collegium
1192 1611 1337 1653 divino¹
1370 1627 1472 1654 certe
1516 1631 1585 1656 nu-

317 1675 455 1717 *mine
486 1678 636 1720 afflatus
668 1682 783 1719 toties
807 1683 1017 1736 cooptarit.
1049 1687 1205 1736 Magnae
1236 1686 1454 1727 mehercule
1486 1703 1580 1743 opus

345 1747 434 1788 fidei
461 1781 473 1801 ‚
515 1751 770 1807 acerrimique
803 1751 934 1803 judicii
966 1753 1100 1794 rimari
1143 1755 1344 1809 ingenium
1374 1758 1576 1815 moresque

345 1821 601 1875 singulorum,
632 1824 826 1880 optimum
855 1839 1050 1881 quemque
1073 1826 1207 1868 animo
1226 1828 1439 1883 designare,
1470 1847 1576 1888 aeque

343 1893 411 1934 fibi
454 1909 589 1935 cavere
632 1897 680 1936 ab
723 1898 1004 1940 obtrectatione
1053 1901 1091 1940 8<
1133 1915 1156 1940 a
1197 1902 1321 1956 gratia
1353 1935 1366 1956 ‚
1408 1904 1574 1961 denique

341 1966 554 2022 Apostolici
586 1970 746 2009 Senatus
776 1970 1001 2024 Optimates
1032 1972 1090 2012 ita
1117 1973 1312 2028 deligere,
1344 1989 1387 2017 ut
1420 1979 1458 2018 8<
1490 1977 1573 2020 suus

340 2041 463 2080 honos
494 2039 666 2094 Regibus
686 2073 699 2094 ,
742 2043 779 2082 8<
811 2041 873 2083 sua
904 2044 1055 2085 mer-itis
1098 2047 1254 2101 praemia
1285 2049 1382 2101 sint,
1413 2052 1450 2089 8<
1493 2053 1573 2092 Re-

338 2111 494 2166 ligionis
526 2111 733 2169 praesertim
763 2115 864 2155 ratio
894 2116 1106 2157 habeatur.
1136 2121 1223 2159 Hos
1254 2120 1361 2160 enim
1391 2121 1572 2164 adhiberi>

336 2183 378 2224 in
422 2185 620 2227 consilium
642 2217 654 2238 ‚
697 2186 833 2241 praefici
876 2188 1103 2241 gravissimis
1144 2190 1332 2245 Collegiis
1358 2223 1371 2244 ,
1413 2193 1565 2237 dimitti

337 2259 503 2311 Legatos
533 2259 574 2300 in
605 2259 845 2315 provincias,
888 2262 1032 2317 praeefse
1065 2260 1220 2304 summae
1251 2279 1380 2304 rerum
1411 2265 1453 2305 in
1486 2269 1563 2307 Ur·

338 2328 382 2370 be
405 2345 425 2384 ς
461 2331 631 2387 ἀεηίεμιε
669 2347 717 2374 ex
763 2347 810 2375 eo
848 2349 1010 2378 numero
1056 2334 1189 2392 (quod
1232 2337 1383 2379 utinam
1425 2339 1559 2395 Superi

1374 2424 1499 2454 matu-
