2206 3423
782 283 785 285 -
1062 279 1077 294 ι

730 277 852 371 «ἓξὲξ
919 307 972 338 XI
1036 278 1158 370 3233

324 388 494 442 ὶεὲὶειπ,
525 403 591 446 per
622 405 688 431 me
720 390 839 445 licet,
871 391 1026 448 reliquae
1058 392 1179 434 Italiae
1211 395 1320 435 urbes
1353 396 1557 438 Pontifices

323 461 430 515 suos,
461 477 628 519 quorum
659 463 728 504 alii
749 467 931 505 Romana
962 479 1220 508 monumenta
1250 467 1291 508 in
1319 467 1445 509 lucem
1470 469 1558 510 edu-

323 534 479 588 xerint,
522 549 640 592 atque
683 552 705 577 a
749 537 949 579 vetustatis
991 537 1134 590 injuria
1176 538 1412 581 vindicarint
1435 557 1448 595 3
1491 540 1559 582 alii

321 608 535 663 magnificis
567 609 763 662 aedificiis,
806 609 993 667 signisque
1025 626 1068 652 ac
1101 611 1241 653 tabulis
1274 612 1560 668 elegantissimi-s

320 682 474 722 Urbem
500 682 750 737 ornaverint3
782 682 850 722 alii
877 684 995 723 bonas
1025 695 1126 724 artes
1150 699 1194 725 ac
1219 683 1368 725 litteras
1389 684 1559 726 foverint

319 751 393 795 suis
424 753 599 811 auspiciis
629 770 673 796 ac
705 755 897 811 praemiis3
929 755 996 796 alii
1027 756 1194 813 denique
1221 756 1366 814 scriptis
1392 757 1562 799 eruditis·

319 827 422 868 simis
450 826 504 868 sui
531 827 703 869 nominis
728 827 1025 869 immortalitati
1050 828 1335 871 consuluerint.
1360 834 1441 872 Vos
1468 846 1562 873 vero

319 903 360 941 P.
389 903 436 941 C.
463 916 606 942 nomen
638 916 681 942 ac
713 900 860 942 famam
886 901 1116 943 Sanffiffimi
1148 902 1276 944 Vestri
1307 902 1418 945 Civis
1450 907 1562 947 CLE-

320 988 497 1018 ΜΕΝ-ΝΒ
527 977 635 1016 XIII.
662 974 730 1031 qui
755 975 909 1016 Summi
935 975 1147 1017 Sacerdotii
1173 975 1365 1018 maximas
1391 976 1560 1033 quasque

322 1046 488 1087 virtutes
528 1047 753 1104 complexus
796 1047 959 1089 mirifice
991 1047 1137 1102 fuerit,
1181 1064 1258 1090 non
1292 1050 1409 1091 modo
1447 1049 1560 1103 hujus

308 1119 396 1161 diei
419 1118 546 1173 luftu,
579 1135 715 1162 verum
737 1121 857 1162 etiam
884 1121 1102 1163 Annalium
1135 1122 1350 1164 vestrorum
1371 1123 1562 1166 memoria

319 1192 613 1235 consecrabitis.
639 1197 773 1251 Atque
800 1196 847 1235 ab
873 1195 932 1236 his
958 1195 1119 1236 Funeris
1145 1195 1306 1249 officiis,
1330 1210 1414 1252 quae
1441 1197 1562 1240 totius

316 1266 509 1308 Civitatis
548 1266 733 1309 concursu
771 1283 814 1309 ac
859 1267 970 1324 plane
1010 1268 1114 1323 regia
1153 1269 1443 1323 magnificentia
1486 1269 1561 1310 rite

318 1339 458 1396 pieque
485 1339 732 1397 persolvitis,
763 1355 807 1381 ea
832 1341 872 1382 in
898 1342 1117 1397 posterum,
1147 1356 1231 1398 quse
1257 1341 1362 1383 idem
1394 1341 1563 1383 contulit

317 1413 360 1455 in
403 1416 546 1471 Remp.
578 1414 711 1471 vestris
762 1414 906 1455 animis
948 1427 1173 1456 occurrent.
1222 1417 1414 1456 Occurret
1458 1414 1562 1456 Rosa

311 1489 472 1540 Aurea,
498 1476 754 1529 florentissimi
772 1487 894 1529 *vestri
920 1502 1037 1529 omen
1064 1488 1244 1546 Imperii,
1272 1489 1376 1545 quod
1404 1487 1562 1529 summae

317 1561 466 1602 donum
489 1560 731 1616 Religionis,
761 1561 949 1617 regiaeque
977 1561 1178 1617 dignitatis
1199 1561 1307 1602 inter
1331 1563 1443 1602 Sacra
1468 1564 1562 1615 My-

319 1633 431 1675 steria
462 1633 522 1675 his
561 1634 646 1691 ipfis
677 1634 769 1676 Aris
800 1635 1026 1692 impositum
1058 1634 1339 1676 recordamini.
1359 1637 1561 1678 ‘Occurret

319 1692 506 1749 Romania
531 1710 671 1761 Rota,
703 1708 1009 1765 nominandique
1041 1707 1245 1749 Auditoris
1277 1721 1425 1764 aequata
1458 1706 1561 1748 ultro

311 1779 404 1835 ‘iura
435 1795 525 1822 curn
566 1781 751 1822 maximis
777 1781 983 1835 Regibus,
1027 1768 1315 1838 perhonorificis
1353 1780 1560 1821 amantiffi-

320 1851 472 1909 misque
493 1855 759 1897 ,affl-Senatum
778 1853 921 1896 litteris
948 1855 1195 1910 consignata.
1227 1854 1367 1896 Leniet
1399 1853 1561 1895 interIm

320 1929 443 1971 amiffi
483 1928 712 1970 defiderium
749 1927 1023 1981 humanitate,
1064 1928 1290 1984 prudentia,
1333 1928 1562 1983 integritate

311 2001 499 2058 »singulari
518 2001 611 2055 hic,
642 2015 760 2058 quem
782 2000 1007 2059 praesentem
1027 2001 1263 2054 intuemini,
1294 2004 1560 2044 LUDovlcus

322 2079 455 2132 Eques
492 2090 536 2115 ac
567 2078 819 2126 Procurator,
855 2074 918 2113 cui
950 2074 1072 2114 vestra
1103 2076 1183 2113 haec
1222 2074 1342 2128 pietas
1372 2088 1562 2128 magnum

308 2148 433 2190 „affert
484 2146 628 2188 doloris
677 2159 796 2202 atque
847 2145 1084 2200 aegritudinis
1136 2144 1322 2186 solatium
1358 2162 1368 2187 ε
1411 2146 1562 2186 lenient

310 2220 464 2278 zeliqui
488 2223 722 2264 REzomcz
749 2222 929 2275 Fratres,
973 2222 1113 2263 Romae
1143 2233 1186 2262 ac
1211 2218 1358 2263 Veneti
1388 2217 1561 2261 nominis

1382 2289 1502 2352 splene
