2206 3423
822 254 946 349 ‘³232‘
1027 287 1058 317 v
1144 254 1267 347 32²³*

422 373 664 430 relinquam.
695 371 780 429 Qui
809 370 915 413 enim
943 371 1046 412 inter
1064 368 1240 412 Praesules
1262 369 1324 411 vir
1348 369 1519 426 primum
1541 371 1658 414 fuerit

423 450 716 490 CLEMENS
761 449 906 488 XI'II.
957 460 1034 502 qua
1075 444 1320 485 humanitate
1371 459 1414 485 ac
1457 446 1660 502 prudentia

422 519 465 562 in
498 521 657 562 urbibus
695 519 870 575 regendis
891 550 903 571 ,
943 521 1069 559 Reate
1099 533 1142 559 ac
1174 522 1328 559 Fanum
1359 522 1564 573 Fortunae,
1596 534 1660 561 me

424 606 577 635 tacente
604 626 617 648 ,
661 593 892 650 eloquentur
918 607 926 632 :
972 605 1098 646 neque
1129 603 1195 632 aut
1228 589 1307 643 ejus
1337 591 1539 634 confilium
1570 591 1662 634 Tri-

423 666 543 708 bunal
574 667 672 708 illud
705 664 983 708 Consultorum
1015 664 1056 705 in
1086 666 1196 706 Urbe
1216 695 1229 717 ,
1258 676 1326 704 aut
1357 666 1503 705 Veneti
1540 665 1662 706 Audi-

426 740 521 781 toris
552 740 594 781 in
627 739 708 792 jure
738 739 905 780 dicundo
943 738 1067 779 aciem
1099 737 1243 779 mentis
1287 750 1404 793 atque
1437 737 1664 793 aequitatem

422 816 532 854 Rota
562 812 706 854 siluerit
728 843 738 853 .
783 815 1040 868 Quamquam
1072 823 1330 852 monumenta
1361 809 1465 852 illius
1496 811 1663 865 gravissi-

419 886 480 927 mi
513 886 682 927 muneris
708 918 721 939 ,
759 886 906 927 donum
937 884 1079 941 optimi
1111 884 1223 925 Civis
1254 898 1297 924 ac
1328 882 1526 926 Pontificis
1546 916 1558 937 ‚
1596 899 1664 927 110·

423 959 481 1000 bis
526 959 610 1015 ipsis
641 962 691 1000 D.
725 959 853 1000 Marci
885 957 1129 1000 Bibliotheca
1172 956 1239 998 diu
1277 956 1527 998 ostentaverit
1552 987 1562 998 .
1604 960 1663 1001 At

423 1035 557 1073 Roma
600 1032 780 1073 laudandi
826 1031 1070 1088 provinciam
1108 1030 1190 1084 jure
1234 1029 1299 1072 suo
1341 1030 1409 1071 fibi
1452 1030 1625 1072 vindicet
1649 1062 1663 1085 ,

424 1120 502 1162 qua
533 1106 689 1147 Trebiae
728 1109 897 1147 Fontem
924 1137 937 1159 ,
978 1120 1055 1162 qua
1085 1106 1272 1146 donatum
1305 1104 1510 1146 Centauris
1548 1103 1663 1161 Capi·

426 1177 598 1233 tolium,
631 1194 708 1235 qua
736 1178 943 1221 instaurata
985 1191 1103 1236 atque
1145 1189 1331 1220 exornata
1362 1177 1519 1221 aedificia
1543 1210 1556 1232 ,
1586 1192 1663 1234 qua

425 1253 565 1294 horrea
608 1253 656 1294 ad
699 1253 819 1294 Urbis
851 1251 935 1294 usus
978 1253 1166 1294 exstruc'ta
1187 1263 1203 1293 .“
1234 1251 1308 1294 Illa
1350 1265 1445 1294 vero
1488 1249 1663 1306 magnifi-

424 1326 575 1367 centius
621 1327 742 1368 etiam
786 1326 962 1383 praedicet
982 1342 996 1382 ;
1038 1325 1224 1368 defoffum
1267 1337 1424 1382 portum
1466 1325 1515 1366 ad
1554 1324 1664 1365 Ostia

422 1400 615 1445 Tiberina
637 1433 648 1455 ‚
692 1400 965 1445 exstruc‘tiones
996 1399 1231 1457 exponendis
1267 1399 1314 1448 de
1346 1398 1439 1439 navi
1471 1397 1662 1439 mercibus

423 1474 472 1515 ad
517 1477 693 1520 Centum
731 1473 861 1516 Cellas
886 1507 898 1529 ,
941 1474 1137 1530 expeditas
1181 1472 1357 1513 triremes
1400 1471 1441 1511 in
1480 1470 1620 1527 piratas
1650 1502 1664 1525 ,

424 1548 624 1599 munitam
643 1563 767 1593 „oram
798 1549 1042 1594 maritimam
1069 1580 1081 1601 ,
1124 1545 1373 1588 emendatam
1410 1543 1664 1586 commercio·

422 1634 514 1662 rum
556 1622 752 1664 rationem
778 1655 790 1677 ,
814 1620 1019 1677 *novisque
1060 1620 1209 1676 legibus
1245 1617 1495 1660 constitutam
1519 1647 1529 1658 .
1572 1619 1664 1670 Jam

423 1708 515 1734 cum
566 1695 644 1734 alia
694 1697 796 1748 gesta
844 1697 919 1733 fint
969 1695 1044 1736 hoc
1093 1692 1281 1734 Pontifice
1324 1690 1405 1744 ejus
1447 1689 1620 1746 auspiciis
1651 1720 1664 1745 ,

423 1767 530 1822 quod
562 1767 604 1808 in
636 1767 819 1808 omnibus
850 1765 934 1806 fieri
976 1764 1152 1820 imperiis
1190 1763 1333 1809 neceffe
1364 1764 1449 1817 est,
1477 1762 1554 1805 alia
1584 1761 1664 1815 ejus

425 1838 592 1880 confinis
614 1837 780 1894 perfee‘ta
794 1854 806 1893 3
832 1847 955 1893 'genus
980 1836 1148 1879 alterum
1172 1836 1356 1890 laudum,
1387 1836 1492 1892 quod
1522 1836 1665 1891 variis,

426 1924 470 1952 ut
515 1910 601 1951 sunt
642 1912 816 1955 humana
859 1911 1039 1968 pleraque
1065 1910 1350 1967 ‚1opinj9num2
1387 1909 1493 1966 q'uafi
1535 1909 1665 1951 ventis

425 1983 563 2038 jactari
589 1982 709 2037 solet,
740 1983 886 2040 prorsus
906 1985 1117 2025 omittam:
1146 1982 1345 2037 alterum,
1374 1983 1480 2039 quod
1510 1981 1666 2023 Summi

429 2057 645 2100 Sacerdotii
687 2057 774 2098 vim
816 2072 861 2099 ac
900 2069 1080 2099 naturam
1116 2056 1325 2108 continet,
1361 2056 1403 2095 in
1443 2069 1523 2111 quo
1566 2053 1666 2095 nihil

427 2131 506 2173 fuit
538 2146 653 2188 prope
675 2130 859 2183 humani,
890 2129 992 2171 nihil
1016 2128 1233 2174 obnoxium
1258 2128 1443 2181 fortnnae‚
1475 2126 1596 2180 nihil,
1622 2127 1664 2169 in

425 2219 509 2259 quo
533 2204 602 2250 alii
621 2217 774 2261 partem
794 2202 916 2263 ullam
929 2203 1201 2259 decerperent,
1224 2201 1400 2245 oratione
1421 2208 1664 2257 percurram.

1543 2276 1607 2314 Ac
