<?xml version="1.0" encoding="UTF-8"?>
<!DOCTYPE html PUBLIC "-//W3C//DTD XHTML 1.0 Transitional//EN"
    "http://www.w3.org/TR/xhtml1/DTD/xhtml1-transitional.dtd">
<html xmlns="http://www.w3.org/1999/xhtml" xml:lang="en" lang="en">
 <head>
  <title>
</title>
<meta http-equiv="Content-Type" content="text/html;charset=utf-8" />
  <meta name='ocr-system' content='tesseract 3.04.00' />
  <meta name='ocr-capabilities' content='ocr_page ocr_carea ocr_par ocr_line ocrx_word'/>
</head>
<body>
  <div class='ocr_page' id='page_1' title='image "./laudatioinfunere00dall_0006.png"; bbox 0 0 2206 3423; ppageno 0'>
   <div class='ocr_carea' id='block_1_1' title="bbox 524 400 1767 1964">
    <p class='ocr_par' dir='ltr' id='par_1_1' title="bbox 921 400 1371 498">
     <span class='ocr_line' id='line_1_1' title="bbox 921 400 1371 498; baseline -0.004 -31"><span class='ocrx_word' id='word_1_1' title='bbox 921 403 1044 498; x_wconf 46' lang='grc' dir='ltr'>’943ξὶ</span> <span class='ocrx_word' id='word_1_2' title='bbox 1108 434 1166 466; x_wconf 81' lang='lat' dir='ltr'>iv</span> <span class='ocrx_word' id='word_1_3' title='bbox 1242 400 1371 496; x_wconf 50' lang='grc' dir='ltr'>ἓξὲξ»</span> 
     </span>
    </p>

    <p class='ocr_par' dir='ltr' id='par_1_2' title="bbox 524 518 1767 1964">
     <span class='ocr_line' id='line_1_2' title="bbox 524 518 1755 577; baseline 0 -15"><span class='ocrx_word' id='word_1_4' title='bbox 524 536 644 577; x_wconf 86' lang='lat' dir='ltr'>quam</span> <span class='ocrx_word' id='word_1_5' title='bbox 676 520 739 561; x_wconf 83' lang='lat' dir='ltr'>hic</span> <span class='ocrx_word' id='word_1_6' title='bbox 783 519 1148 575; x_wconf 72' lang='lat' dir='ltr'>magnificentissimi</span> <span class='ocrx_word' id='word_1_7' title='bbox 1192 535 1292 561; x_wconf 90' lang='lat' dir='ltr'>nunc</span> <span class='ocrx_word' id='word_1_8' title='bbox 1325 518 1486 560; x_wconf 81' lang='lat' dir='ltr'>Funeris</span> <span class='ocrx_word' id='word_1_9' title='bbox 1516 530 1716 576; x_wconf 85' lang='lat' dir='ltr'>apparatus</span> <span class='ocrx_word' id='word_1_10' title='bbox 1742 553 1755 575; x_wconf 86' lang='lat'>,</span> 
     </span>
     <span class='ocr_line' id='line_1_3' title="bbox 525 593 1754 651; baseline 0.002 -16"><span class='ocrx_word' id='word_1_11' title='bbox 525 597 563 635; x_wconf 79' lang='lat'>8&lt;</span> <span class='ocrx_word' id='word_1_12' title='bbox 589 596 668 635; x_wconf 85' lang='lat' dir='ltr'>haec</span> <span class='ocrx_word' id='word_1_13' title='bbox 694 597 805 636; x_wconf 83' lang='lat' dir='ltr'>Sacra</span> <span class='ocrx_word' id='word_1_14' title='bbox 820 593 1026 651; x_wconf 82' lang='lat' dir='ltr'>piacularia</span> <span class='ocrx_word' id='word_1_15' title='bbox 1046 593 1189 634; x_wconf 89' lang='lat' dir='ltr'>Veneti</span> <span class='ocrx_word' id='word_1_16' title='bbox 1212 596 1372 634; x_wconf 85' lang='lat' dir='ltr'>Senatus</span> <span class='ocrx_word' id='word_1_17' title='bbox 1394 593 1435 635; x_wconf 92' lang='lat' dir='ltr'>in</span> <span class='ocrx_word' id='word_1_18' title='bbox 1449 597 1754 637; x_wconf 77' lang='lat' dir='ltr'>CLEMENTEM</span> 
     </span>
     <span class='ocr_line' id='line_1_4' title="bbox 526 666 1756 725; baseline -0.001 -16"><span class='ocrx_word' id='word_1_19' title='bbox 526 672 634 709; x_wconf 90' lang='lat' dir='ltr'>XIII.</span> <span class='ocrx_word' id='word_1_20' title='bbox 656 668 885 709; x_wconf 87' lang='lat' dir='ltr'>Pontificem</span> <span class='ocrx_word' id='word_1_21' title='bbox 907 668 1119 725; x_wconf 88' lang='lat' dir='ltr'>Optimum</span> <span class='ocrx_word' id='word_1_22' title='bbox 1138 667 1367 708; x_wconf 86' lang='lat' dir='ltr'>Maximum</span> <span class='ocrx_word' id='word_1_23' title='bbox 1389 666 1555 707; x_wconf 87' lang='lat' dir='ltr'>studium</span> <span class='ocrx_word' id='word_1_24' title='bbox 1581 699 1594 721; x_wconf 79' lang='lat'>,</span> <span class='ocrx_word' id='word_1_25' title='bbox 1618 668 1756 722; x_wconf 89' lang='lat' dir='ltr'>fidem,</span> 
     </span>
     <span class='ocr_line' id='line_1_5' title="bbox 525 740 1759 798; baseline -0.001 -16"><span class='ocrx_word' id='word_1_26' title='bbox 525 742 713 798; x_wconf 87' lang='lat' dir='ltr'>pietatem</span> <span class='ocrx_word' id='word_1_27' title='bbox 744 742 977 783; x_wconf 84' lang='lat' dir='ltr'>denunciant</span> <span class='ocrx_word' id='word_1_28' title='bbox 998 774 1011 795; x_wconf 83' lang='lat'>,</span> <span class='ocrx_word' id='word_1_29' title='bbox 1042 754 1158 797; x_wconf 88' lang='lat' dir='ltr'>atque</span> <span class='ocrx_word' id='word_1_30' title='bbox 1190 742 1284 782; x_wconf 86' lang='lat' dir='ltr'>adeo</span> <span class='ocrx_word' id='word_1_31' title='bbox 1315 740 1610 782; x_wconf 86' lang='lat' dir='ltr'>immortalitati</span> <span class='ocrx_word' id='word_1_32' title='bbox 1653 756 1759 782; x_wconf 87' lang='lat' dir='ltr'>com-</span> 
     </span>
     <span class='ocr_line' id='line_1_6' title="bbox 524 813 1761 869; baseline 0 -14"><span class='ocrx_word' id='word_1_33' title='bbox 524 816 711 856; x_wconf 87' lang='lat' dir='ltr'>mendant</span> <span class='ocrx_word' id='word_1_34' title='bbox 738 844 747 854; x_wconf 93' lang='lat'><strong><em>.</em></strong></span> <span class='ocrx_word' id='word_1_35' title='bbox 791 814 904 855; x_wconf 89' lang='lat' dir='ltr'>Nihil</span> <span class='ocrx_word' id='word_1_36' title='bbox 947 814 1010 855; x_wconf 87' lang='lat' dir='ltr'>hic</span> <span class='ocrx_word' id='word_1_37' title='bbox 1043 829 1093 855; x_wconf 84' lang='lat' dir='ltr'>ex</span> <span class='ocrx_word' id='word_1_38' title='bbox 1127 829 1235 854; x_wconf 87' lang='lat' dir='ltr'>more</span> <span class='ocrx_word' id='word_1_39' title='bbox 1267 827 1383 869; x_wconf 89' lang='lat' dir='ltr'>atque</span> <span class='ocrx_word' id='word_1_40' title='bbox 1416 814 1593 855; x_wconf 86' lang='lat' dir='ltr'>instituto</span> <span class='ocrx_word' id='word_1_41' title='bbox 1614 846 1627 868; x_wconf 81' lang='lat'>,</span> <span class='ocrx_word' id='word_1_42' title='bbox 1659 813 1761 855; x_wconf 87' lang='lat' dir='ltr'>nihil</span> 
     </span>
     <span class='ocr_line' id='line_1_7' title="bbox 525 884 1760 945; baseline -0.003 -14"><span class='ocrx_word' id='word_1_43' title='bbox 525 890 572 931; x_wconf 88' lang='lat' dir='ltr'>ad</span> <span class='ocrx_word' id='word_1_44' title='bbox 605 887 766 945; x_wconf 88' lang='lat' dir='ltr'>speciem</span> <span class='ocrx_word' id='word_1_45' title='bbox 799 898 915 941; x_wconf 87' lang='lat' dir='ltr'>atque</span> <span class='ocrx_word' id='word_1_46' title='bbox 947 885 1271 940; x_wconf 75' lang='lat' dir='ltr'>ostentationem5</span> <span class='ocrx_word' id='word_1_47' title='bbox 1305 884 1364 927; x_wconf 88' lang='lat' dir='ltr'>sed</span> <span class='ocrx_word' id='word_1_48' title='bbox 1389 887 1523 928; x_wconf 90' lang='lat' dir='ltr'>omnia</span> <span class='ocrx_word' id='word_1_49' title='bbox 1555 902 1603 928; x_wconf 85' lang='lat' dir='ltr'>ex</span> <span class='ocrx_word' id='word_1_50' title='bbox 1634 886 1760 928; x_wconf 88' lang='lat' dir='ltr'>animi</span> 
     </span>
     <span class='ocr_line' id='line_1_8' title="bbox 525 957 1761 1015; baseline -0.002 -12"><span class='ocrx_word' id='word_1_51' title='bbox 525 960 629 1003; x_wconf 86' lang='lat' dir='ltr'>sensu</span> <span class='ocrx_word' id='word_1_52' title='bbox 649 992 661 1014; x_wconf 85' lang='lat'>,</span> <span class='ocrx_word' id='word_1_53' title='bbox 699 959 745 999; x_wconf 90' lang='lat' dir='ltr'>ad</span> <span class='ocrx_word' id='word_1_54' title='bbox 777 957 919 998; x_wconf 84' lang='lat' dir='ltr'>doloris</span> <span class='ocrx_word' id='word_1_55' title='bbox 951 958 1160 999; x_wconf 87' lang='lat' dir='ltr'>veritatem</span> <span class='ocrx_word' id='word_1_56' title='bbox 1181 971 1298 1015; x_wconf 87' lang='lat' dir='ltr'>atque</span> <span class='ocrx_word' id='word_1_57' title='bbox 1328 959 1513 1014; x_wconf 90' lang='lat' dir='ltr'>honoris;</span> <span class='ocrx_word' id='word_1_58' title='bbox 1545 973 1635 1001; x_wconf 91' lang='lat' dir='ltr'>cum</span> <span class='ocrx_word' id='word_1_59' title='bbox 1666 960 1761 1001; x_wconf 74' lang='lat' dir='ltr'>adsit</span> 
     </span>
     <span class='ocr_line' id='line_1_9' title="bbox 527 1030 1759 1089; baseline 0.002 -14"><span class='ocrx_word' id='word_1_60' title='bbox 527 1047 679 1076; x_wconf 89' lang='lat' dir='ltr'>mutata</span> <span class='ocrx_word' id='word_1_61' title='bbox 700 1030 801 1074; x_wconf 86' lang='lat' dir='ltr'>veste</span> <span class='ocrx_word' id='word_1_62' title='bbox 815 1032 1045 1075; x_wconf 67' lang='lat' dir='ltr'>Sanfflisfimi</span> <span class='ocrx_word' id='word_1_63' title='bbox 1064 1032 1193 1073; x_wconf 84' lang='lat' dir='ltr'>Patrui</span> <span class='ocrx_word' id='word_1_64' title='bbox 1215 1032 1474 1089; x_wconf 90' lang='lat' dir='ltr'>parentalibus</span> <span class='ocrx_word' id='word_1_65' title='bbox 1487 1037 1759 1077; x_wconf 77' lang='lat' dir='ltr'>Luoovmus</span> 
     </span>
     <span class='ocr_line' id='line_1_10' title="bbox 525 1106 1763 1164; baseline -0.003 -13"><span class='ocrx_word' id='word_1_66' title='bbox 525 1114 657 1164; x_wconf 84' lang='lat' dir='ltr'><strong>Eques</strong></span> <span class='ocrx_word' id='word_1_67' title='bbox 699 1108 813 1161; x_wconf 88' lang='lat' dir='ltr'>hujus</span> <span class='ocrx_word' id='word_1_68' title='bbox 855 1106 1018 1163; x_wconf 85' lang='lat' dir='ltr'>Templi</span> <span class='ocrx_word' id='word_1_69' title='bbox 1060 1109 1290 1148; x_wconf 88' lang='lat' dir='ltr'>Procurator</span> <span class='ocrx_word' id='word_1_70' title='bbox 1321 1139 1334 1160; x_wconf 83' lang='lat'>,</span> <span class='ocrx_word' id='word_1_71' title='bbox 1395 1107 1516 1148; x_wconf 74' lang='lat' dir='ltr'>adsint</span> <span class='ocrx_word' id='word_1_72' title='bbox 1563 1106 1763 1161; x_wconf 83' lang='lat' dir='ltr'>religionis</span> 
     </span>
     <span class='ocr_line' id='line_1_11' title="bbox 525 1178 1766 1237; baseline -0.005 -12"><span class='ocrx_word' id='word_1_73' title='bbox 525 1184 646 1225; x_wconf 84' lang='lat' dir='ltr'>cauffa</span> <span class='ocrx_word' id='word_1_74' title='bbox 683 1183 904 1224; x_wconf 88' lang='lat' dir='ltr'>Patriarcha</span> <span class='ocrx_word' id='word_1_75' title='bbox 929 1178 1177 1236; x_wconf 85' lang='lat' dir='ltr'>Praesulesque</span> <span class='ocrx_word' id='word_1_76' title='bbox 1209 1179 1463 1234; x_wconf 83' lang='lat' dir='ltr'>ornatiffimi‚</span> <span class='ocrx_word' id='word_1_77' title='bbox 1501 1195 1597 1237; x_wconf 90' lang='lat' dir='ltr'>quos</span> <span class='ocrx_word' id='word_1_78' title='bbox 1628 1191 1766 1220; x_wconf 89' lang='lat' dir='ltr'>omnes</span> 
     </span>
     <span class='ocr_line' id='line_1_12' title="bbox 525 1252 1766 1314; baseline -0.004 -15"><span class='ocrx_word' id='word_1_79' title='bbox 525 1273 680 1314; x_wconf 85' lang='lat' dir='ltr'>aequum</span> <span class='ocrx_word' id='word_1_80' title='bbox 724 1256 776 1298; x_wconf 90' lang='lat' dir='ltr'>est</span> <span class='ocrx_word' id='word_1_81' title='bbox 806 1254 1089 1297; x_wconf 75' lang='lat' dir='ltr'>acerbissimum</span> <span class='ocrx_word' id='word_1_82' title='bbox 1133 1253 1342 1295; x_wconf 89' lang='lat' dir='ltr'>interitum</span> <span class='ocrx_word' id='word_1_83' title='bbox 1372 1252 1532 1296; x_wconf 89' lang='lat' dir='ltr'>dolere:</span> <span class='ocrx_word' id='word_1_84' title='bbox 1577 1267 1670 1294; x_wconf 86' lang='lat' dir='ltr'>cum</span> <span class='ocrx_word' id='word_1_85' title='bbox 1700 1253 1766 1294; x_wconf 85' lang='lat' dir='ltr'>de-</span> 
     </span>
     <span class='ocr_line' id='line_1_13' title="bbox 525 1324 1765 1388; baseline -0.005 -15"><span class='ocrx_word' id='word_1_86' title='bbox 525 1332 645 1388; x_wconf 91' lang='lat' dir='ltr'>nique</span> <span class='ocrx_word' id='word_1_87' title='bbox 682 1332 727 1373; x_wconf 80' lang='lat' dir='ltr'>sit</span> <span class='ocrx_word' id='word_1_88' title='bbox 764 1330 796 1372; x_wconf 90' lang='lat' dir='ltr'>is</span> <span class='ocrx_word' id='word_1_89' title='bbox 828 1330 971 1371; x_wconf 87' lang='lat' dir='ltr'>accitus</span> <span class='ocrx_word' id='word_1_90' title='bbox 1004 1340 1136 1370; x_wconf 86' lang='lat' dir='ltr'>orator</span> <span class='ocrx_word' id='word_1_91' title='bbox 1155 1360 1168 1381; x_wconf 86' lang='lat'>,</span> <span class='ocrx_word' id='word_1_92' title='bbox 1205 1343 1284 1369; x_wconf 91' lang='lat' dir='ltr'>non</span> <span class='ocrx_word' id='word_1_93' title='bbox 1311 1327 1379 1384; x_wconf 88' lang='lat' dir='ltr'>qui</span> <span class='ocrx_word' id='word_1_94' title='bbox 1401 1325 1671 1378; x_wconf 81' lang='lat' dir='ltr'>disertiffime,</span> <span class='ocrx_word' id='word_1_95' title='bbox 1703 1324 1765 1367; x_wconf 89' lang='lat' dir='ltr'>sed</span> 
     </span>
     <span class='ocr_line' id='line_1_14' title="bbox 525 1399 1764 1461; baseline -0.004 -16"><span class='ocrx_word' id='word_1_96' title='bbox 525 1404 594 1461; x_wconf 90' lang='lat' dir='ltr'>qui</span> <span class='ocrx_word' id='word_1_97' title='bbox 626 1405 817 1446; x_wconf 81' lang='lat' dir='ltr'>verissime</span> <span class='ocrx_word' id='word_1_98' title='bbox 860 1419 929 1460; x_wconf 90' lang='lat' dir='ltr'>pro</span> <span class='ocrx_word' id='word_1_99' title='bbox 961 1405 1111 1443; x_wconf 86' lang='lat' dir='ltr'>Funere</span> <span class='ocrx_word' id='word_1_100' title='bbox 1142 1400 1316 1443; x_wconf 89' lang='lat' dir='ltr'>laudaret</span> <span class='ocrx_word' id='word_1_101' title='bbox 1340 1432 1350 1442; x_wconf 88' lang='lat'><strong>.</strong></span> <span class='ocrx_word' id='word_1_102' title='bbox 1394 1403 1529 1456; x_wconf 82' lang='lat' dir='ltr'>Quare</span> <span class='ocrx_word' id='word_1_103' title='bbox 1573 1401 1641 1441; x_wconf 81' lang='lat' dir='ltr'>etsi</span> <span class='ocrx_word' id='word_1_104' title='bbox 1672 1399 1764 1440; x_wconf 84' lang='lat' dir='ltr'>hinc</span> 
     </span>
     <span class='ocr_line' id='line_1_15' title="bbox 524 1473 1766 1534; baseline -0.002 -16"><span class='ocrx_word' id='word_1_105' title='bbox 524 1477 711 1534; x_wconf 88' lang='lat' dir='ltr'>Principis</span> <span class='ocrx_word' id='word_1_106' title='bbox 755 1475 937 1531; x_wconf 87' lang='lat' dir='ltr'>Majestas</span> <span class='ocrx_word' id='word_1_107' title='bbox 962 1508 975 1530; x_wconf 85' lang='lat'>,</span> <span class='ocrx_word' id='word_1_108' title='bbox 1016 1475 1108 1516; x_wconf 91' lang='lat' dir='ltr'>hinc</span> <span class='ocrx_word' id='word_1_109' title='bbox 1143 1474 1344 1517; x_wconf 88' lang='lat' dir='ltr'>Pontificis</span> <span class='ocrx_word' id='word_1_110' title='bbox 1388 1486 1507 1516; x_wconf 90' lang='lat' dir='ltr'>terret</span> <span class='ocrx_word' id='word_1_111' title='bbox 1546 1473 1726 1516; x_wconf 89' lang='lat' dir='ltr'>animum</span> <span class='ocrx_word' id='word_1_112' title='bbox 1752 1504 1766 1528; x_wconf 87' lang='lat'>,</span> 
     </span>
     <span class='ocr_line' id='line_1_16' title="bbox 524 1548 1763 1607; baseline -0.003 -15"><span class='ocrx_word' id='word_1_113' title='bbox 524 1563 658 1592; x_wconf 88' lang='lat' dir='ltr'>tamen</span> <span class='ocrx_word' id='word_1_114' title='bbox 690 1551 800 1607; x_wconf 91' lang='lat' dir='ltr'>queri</span> <span class='ocrx_word' id='word_1_115' title='bbox 839 1549 919 1603; x_wconf 90' lang='lat' dir='ltr'>jam</span> <span class='ocrx_word' id='word_1_116' title='bbox 951 1549 1139 1590; x_wconf 89' lang='lat' dir='ltr'>omittam</span> <span class='ocrx_word' id='word_1_117' title='bbox 1179 1561 1332 1604; x_wconf 89' lang='lat' dir='ltr'>tempus</span> <span class='ocrx_word' id='word_1_118' title='bbox 1371 1563 1477 1606; x_wconf 80' lang='lat' dir='ltr'>aeque</span> <span class='ocrx_word' id='word_1_119' title='bbox 1509 1548 1612 1589; x_wconf 91' lang='lat' dir='ltr'>mihi</span> <span class='ocrx_word' id='word_1_120' title='bbox 1643 1560 1763 1603; x_wconf 88' lang='lat' dir='ltr'>atque</span> 
     </span>
     <span class='ocr_line' id='line_1_17' title="bbox 524 1620 1766 1679; baseline -0.005 -13"><span class='ocrx_word' id='word_1_121' title='bbox 524 1625 727 1679; x_wconf 81' lang='lat' dir='ltr'>ingenium</span> <span class='ocrx_word' id='word_1_122' title='bbox 759 1625 806 1664; x_wconf 90' lang='lat' dir='ltr'>ad</span> <span class='ocrx_word' id='word_1_123' title='bbox 837 1634 994 1664; x_wconf 87' lang='lat' dir='ltr'>tantum</span> <span class='ocrx_word' id='word_1_124' title='bbox 1025 1637 1165 1663; x_wconf 88' lang='lat' dir='ltr'>munus</span> <span class='ocrx_word' id='word_1_125' title='bbox 1196 1621 1377 1674; x_wconf 80' lang='lat' dir='ltr'>defuiffe3</span> <span class='ocrx_word' id='word_1_126' title='bbox 1408 1637 1498 1664; x_wconf 90' lang='lat' dir='ltr'>cum</span> <span class='ocrx_word' id='word_1_127' title='bbox 1520 1620 1766 1679; x_wconf 71' lang='lat' dir='ltr'>intelligam,</span> 
     </span>
     <span class='ocr_line' id='line_1_18' title="bbox 524 1690 1764 1753; baseline -0.006 -14"><span class='ocrx_word' id='word_1_128' title='bbox 524 1697 566 1739; x_wconf 87' lang='lat' dir='ltr'>in</span> <span class='ocrx_word' id='word_1_129' title='bbox 600 1696 753 1753; x_wconf 88' lang='lat' dir='ltr'>publico</span> <span class='ocrx_word' id='word_1_130' title='bbox 784 1697 858 1735; x_wconf 92' lang='lat' dir='ltr'>hoc</span> <span class='ocrx_word' id='word_1_131' title='bbox 889 1694 996 1734; x_wconf 62' lang='lat' dir='ltr'>luctu</span> <span class='ocrx_word' id='word_1_132' title='bbox 1020 1724 1033 1746; x_wconf 87' lang='lat'>‚</span> <span class='ocrx_word' id='word_1_133' title='bbox 1072 1691 1114 1732; x_wconf 90' lang='lat' dir='ltr'>in</span> <span class='ocrx_word' id='word_1_134' title='bbox 1153 1693 1224 1732; x_wconf 88' lang='lat' dir='ltr'>hac</span> <span class='ocrx_word' id='word_1_135' title='bbox 1255 1690 1332 1731; x_wconf 87' lang='lat' dir='ltr'>loci</span> <span class='ocrx_word' id='word_1_136' title='bbox 1364 1691 1496 1747; x_wconf 90' lang='lat' dir='ltr'>reique</span> <span class='ocrx_word' id='word_1_137' title='bbox 1538 1691 1644 1733; x_wconf 82' lang='lat' dir='ltr'>sacrae</span> <span class='ocrx_word' id='word_1_138' title='bbox 1683 1690 1764 1732; x_wconf 89' lang='lat' dir='ltr'>san-</span> 
     </span>
     <span class='ocr_line' id='line_1_19' title="bbox 525 1763 1766 1824; baseline -0.005 -14"><span class='ocrx_word' id='word_1_139' title='bbox 525 1769 661 1811; x_wconf 71' lang='lat' dir='ltr'>&amp;itate</span> <span class='ocrx_word' id='word_1_140' title='bbox 693 1767 885 1824; x_wconf 85' lang='lat' dir='ltr'>aptiorem</span> <span class='ocrx_word' id='word_1_141' title='bbox 917 1780 1004 1806; x_wconf 88' lang='lat' dir='ltr'>eam</span> <span class='ocrx_word' id='word_1_142' title='bbox 1035 1764 1117 1804; x_wconf 85' lang='lat' dir='ltr'>sore</span> <span class='ocrx_word' id='word_1_143' title='bbox 1148 1763 1399 1815; x_wconf 84' lang='lat' dir='ltr'>orationem,</span> <span class='ocrx_word' id='word_1_144' title='bbox 1441 1779 1561 1819; x_wconf 89' lang='lat' dir='ltr'>quam</span> <span class='ocrx_word' id='word_1_145' title='bbox 1594 1779 1673 1804; x_wconf 89' lang='lat' dir='ltr'>non</span> <span class='ocrx_word' id='word_1_146' title='bbox 1704 1778 1766 1804; x_wconf 87' lang='lat' dir='ltr'>ars</span> 
     </span>
     <span class='ocr_line' id='line_1_20' title="bbox 525 1834 1767 1898; baseline -0.005 -14"><span class='ocrx_word' id='word_1_147' title='bbox 525 1841 759 1898; x_wconf 67' lang='lat' dir='ltr'>eloquentia:</span> <span class='ocrx_word' id='word_1_148' title='bbox 789 1853 907 1896; x_wconf 87' lang='lat' dir='ltr'>atque</span> <span class='ocrx_word' id='word_1_149' title='bbox 928 1835 1192 1879; x_wconf 82' lang='lat' dir='ltr'>assentationis</span> <span class='ocrx_word' id='word_1_150' title='bbox 1224 1835 1457 1890; x_wconf 84' lang='lat' dir='ltr'>elaborarit,</span> <span class='ocrx_word' id='word_1_151' title='bbox 1489 1834 1549 1877; x_wconf 89' lang='lat' dir='ltr'>sed</span> <span class='ocrx_word' id='word_1_152' title='bbox 1580 1836 1640 1877; x_wconf 90' lang='lat' dir='ltr'>vis</span> <span class='ocrx_word' id='word_1_153' title='bbox 1666 1851 1767 1892; x_wconf 76' lang='lat' dir='ltr'>qua:-</span> 
     </span>
     <span class='ocr_line' id='line_1_21' title="bbox 528 1908 1641 1964; baseline -0.007 -7"><span class='ocrx_word' id='word_1_154' title='bbox 528 1916 618 1957; x_wconf 89' lang='lat' dir='ltr'>dam</span> <span class='ocrx_word' id='word_1_155' title='bbox 651 1930 749 1956; x_wconf 89' lang='lat' dir='ltr'>verae</span> <span class='ocrx_word' id='word_1_156' title='bbox 781 1912 903 1955; x_wconf 87' lang='lat' dir='ltr'>laudis</span> <span class='ocrx_word' id='word_1_157' title='bbox 931 1908 1219 1964; x_wconf 87' lang='lat' dir='ltr'>admiratioque</span> <span class='ocrx_word' id='word_1_158' title='bbox 1250 1908 1408 1950; x_wconf 85' lang='lat' dir='ltr'>virtutis</span> <span class='ocrx_word' id='word_1_159' title='bbox 1440 1909 1641 1953; x_wconf 80' lang='lat' dir='ltr'>effuderit.</span> 
     </span>
    </p>
   </div>
   <div class='ocr_carea' id='block_1_2' title="bbox 532 2052 1770 2463">
    <p class='ocr_par' dir='ltr' id='par_1_3' title="bbox 650 2052 1767 2112">
     <span class='ocr_line' id='line_1_22' title="bbox 650 2052 1767 2112; baseline -0.002 -14"><span class='ocrx_word' id='word_1_160' title='bbox 650 2061 685 2099; x_wconf 93' lang='lat' dir='ltr'><strong>C</strong></span> <span class='ocrx_word' id='word_1_161' title='bbox 716 2055 874 2109; x_wconf 84' lang='lat' dir='ltr'>videte,</span> <span class='ocrx_word' id='word_1_162' title='bbox 903 2053 1057 2112; x_wconf 84' lang='lat' dir='ltr'>quaeso,</span> <span class='ocrx_word' id='word_1_163' title='bbox 1087 2065 1279 2111; x_wconf 88' lang='lat' dir='ltr'>quantum</span> <span class='ocrx_word' id='word_1_164' title='bbox 1312 2068 1335 2095; x_wconf 86' lang='lat' dir='ltr'>a</span> <span class='ocrx_word' id='word_1_165' title='bbox 1366 2052 1662 2108; x_wconf 63' lang='lat' dir='ltr'>magnificentiae</span> <span class='ocrx_word' id='word_1_166' title='bbox 1694 2053 1767 2096; x_wconf 91' lang='lat' dir='ltr'>stu·</span> 
     </span>
    </p>

    <p class='ocr_par' dir='ltr' id='par_1_4' title="bbox 681 2125 1768 2183">
     <span class='ocr_line' id='line_1_23' title="bbox 681 2125 1768 2183; baseline -0.004 -12"><span class='ocrx_word' id='word_1_167' title='bbox 681 2131 746 2171; x_wconf 93' lang='lat' dir='ltr'>dio</span> <span class='ocrx_word' id='word_1_168' title='bbox 790 2131 884 2170; x_wconf 74' lang='lat' dir='ltr'>absit</span> <span class='ocrx_word' id='word_1_169' title='bbox 927 2128 1054 2169; x_wconf 86' lang='lat' dir='ltr'>oratio</span> <span class='ocrx_word' id='word_1_170' title='bbox 1097 2142 1185 2168; x_wconf 88' lang='lat' dir='ltr'>mea</span> <span class='ocrx_word' id='word_1_171' title='bbox 1217 2143 1231 2182; x_wconf 80' lang='lat'>3</span> <span class='ocrx_word' id='word_1_172' title='bbox 1273 2141 1362 2168; x_wconf 91' lang='lat' dir='ltr'>cum</span> <span class='ocrx_word' id='word_1_173' title='bbox 1406 2125 1597 2183; x_wconf 87' lang='lat' dir='ltr'>splendida</span> <span class='ocrx_word' id='word_1_174' title='bbox 1641 2126 1768 2168; x_wconf 84' lang='lat' dir='ltr'>multa</span> 
     </span>
    </p>

    <p class='ocr_par' dir='ltr' id='par_1_5' title="bbox 532 2198 1768 2259">
     <span class='ocr_line' id='line_1_24' title="bbox 532 2198 1768 2259; baseline -0.004 -13"><span class='ocrx_word' id='word_1_175' title='bbox 532 2207 572 2246; x_wconf 90' lang='lat'>&amp;</span> <span class='ocrx_word' id='word_1_176' title='bbox 603 2203 736 2259; x_wconf 82' lang='lat' dir='ltr'>gravia</span> <span class='ocrx_word' id='word_1_177' title='bbox 762 2234 774 2258; x_wconf 79' lang='lat'>‚</span> <span class='ocrx_word' id='word_1_178' title='bbox 805 2218 888 2259; x_wconf 88' lang='lat' dir='ltr'>quae</span> <span class='ocrx_word' id='word_1_179' title='bbox 919 2217 988 2243; x_wconf 89' lang='lat' dir='ltr'>nos</span> <span class='ocrx_word' id='word_1_180' title='bbox 1013 2234 1025 2256; x_wconf 80' lang='lat'>‚</span> <span class='ocrx_word' id='word_1_181' title='bbox 1055 2216 1139 2258; x_wconf 75' lang='lat' dir='ltr'>quae</span> <span class='ocrx_word' id='word_1_182' title='bbox 1177 2198 1359 2241; x_wconf 83' lang='lat' dir='ltr'>universae</span> <span class='ocrx_word' id='word_1_183' title='bbox 1399 2200 1562 2241; x_wconf 78' lang='lat' dir='ltr'>cauffam</span> <span class='ocrx_word' id='word_1_184' title='bbox 1593 2200 1768 2256; x_wconf 84' lang='lat' dir='ltr'>Religio-</span> 
     </span>
    </p>

    <p class='ocr_par' dir='ltr' id='par_1_6' title="bbox 536 2272 1768 2331">
     <span class='ocr_line' id='line_1_25' title="bbox 536 2272 1768 2331; baseline -0.004 -11"><span class='ocrx_word' id='word_1_185' title='bbox 536 2278 596 2320; x_wconf 84' lang='lat' dir='ltr'>nis</span> <span class='ocrx_word' id='word_1_186' title='bbox 633 2277 762 2319; x_wconf 88' lang='lat' dir='ltr'>minus</span> <span class='ocrx_word' id='word_1_187' title='bbox 805 2276 1005 2331; x_wconf 79' lang='lat' dir='ltr'>attingunt</span> <span class='ocrx_word' id='word_1_188' title='bbox 1031 2308 1044 2329; x_wconf 82' lang='lat'>,</span> <span class='ocrx_word' id='word_1_189' title='bbox 1086 2272 1259 2316; x_wconf 86' lang='lat' dir='ltr'>consulto</span> <span class='ocrx_word' id='word_1_190' title='bbox 1302 2287 1523 2330; x_wconf 67' lang='lat' dir='ltr'>praeteream</span> <span class='ocrx_word' id='word_1_191' title='bbox 1551 2306 1565 2329; x_wconf 81' lang='lat'>‚</span> <span class='ocrx_word' id='word_1_192' title='bbox 1606 2289 1649 2316; x_wconf 90' lang='lat' dir='ltr'>ac</span> <span class='ocrx_word' id='word_1_193' title='bbox 1688 2277 1768 2315; x_wconf 91' lang='lat' dir='ltr'>Ro—</span> 
     </span>
    </p>

    <p class='ocr_par' dir='ltr' id='par_1_7' title="bbox 540 2347 1770 2463">
     <span class='ocr_line' id='line_1_26' title="bbox 540 2347 1770 2406; baseline -0.006 -12"><span class='ocrx_word' id='word_1_194' title='bbox 540 2351 667 2395; x_wconf 81' lang='lat' dir='ltr'>manis</span> <span class='ocrx_word' id='word_1_195' title='bbox 696 2349 955 2405; x_wconf 78' lang='lat' dir='ltr'>Oratoribus,</span> <span class='ocrx_word' id='word_1_196' title='bbox 984 2349 1032 2392; x_wconf 90' lang='lat' dir='ltr'>ad</span> <span class='ocrx_word' id='word_1_197' title='bbox 1057 2364 1154 2406; x_wconf 88' lang='lat' dir='ltr'>quos</span> <span class='ocrx_word' id='word_1_198' title='bbox 1183 2348 1358 2394; x_wconf 85' lang='lat' dir='ltr'>maxime</span> <span class='ocrx_word' id='word_1_199' title='bbox 1389 2348 1585 2405; x_wconf 86' lang='lat' dir='ltr'>pertinent</span> <span class='ocrx_word' id='word_1_200' title='bbox 1610 2381 1622 2403; x_wconf 83' lang='lat'>‚</span> <span class='ocrx_word' id='word_1_201' title='bbox 1666 2347 1770 2389; x_wconf 88' lang='lat' dir='ltr'>ultro</span> 
     </span>
     <span class='ocr_line' id='line_1_27' title="bbox 1591 2420 1704 2463; baseline -0.009 0"><span class='ocrx_word' id='word_1_202' title='bbox 1591 2420 1704 2463; x_wconf 88' lang='lat' dir='ltr'>relin-</span> 
     </span>
    </p>
   </div>
  </div>
 </body>
</html>
