2206 3423
1019 400 1142 492 εξζξζ
1191 426 1305 458 viii
1351 396 1471 489 ἓξὲξ»

638 513 869 568 maturent)
913 516 1143 556 Romanum
1174 509 1405 553 Pontificem
1437 510 1579 552 creari.
1622 511 1724 567 Quis
1754 511 1872 569 igitur

637 594 913 633 CLEMENTIS
948 585 1140 628 sententia
1170 600 1215 627 ea
1246 599 1410 642 purpura
1441 597 1599 626 ornatus
1631 599 1710 628 non
1734 600 1873 641 magna

639 661 873 706 innocentiae
905 660 1042 715 laude,
1071 658 1245 715 ingenii,
1276 657 1448 712 consilii,
1479 671 1595 715 atque
1626 659 1722 700 adeo
1753 657 1874 711 majo-

639 736 744 779 ribus
766 734 940 792 auspiciis
964 734 1006 776 in
1027 732 1256 791 amplissima
1280 730 1350 772 illa
1377 746 1419 773 ac
1447 729 1671 774 sanetiffima
1691 730 1875 773 Vaticani

636 809 816 852 Comitia
841 807 920 861 jam
954 821 1055 848 nunc
1081 806 1221 862 pedem
1254 803 1417 845 inferet?
1448 808 1538 859 Jam
1563 820 1658 847 vero
1682 806 1875 860 defignan-

633 883 772 925 dorum
806 878 962 920 subinde
994 892 1060 933 per
1090 880 1290 932 Europam
1323 875 1603 933 Episcoporum
1636 877 1802 920 difficilis
1832 891 1874 920 ac

633 967 781 1008 magna
802 952 903 993 ratio
917 984 929 1005 ,
953 950 1092 1007 quibus
1113 947 1263 991 easdem
1285 962 1376 990 oves
1396 948 1594 1006 pascendas
1614 948 1876 1006 ducendasque

634 1042 657 1068 a
687 1025 834 1083 Spiritu
857 1025 998 1067 Sanc‘io
1030 1023 1189 1065 traditas
1211 1021 1470 1078 intelligeret,
1501 1036 1694 1080 quantum
1716 1038 1812 1065 curae
1839 1025 1876 1064 8<

640 1098 887 1155 cogitationis
929 1097 1113 1138 afferebat
1138 1100 1148 1137 1
1187 1095 1290 1151 Quis
1320 1097 1368 1138 ad
1398 1098 1713 1153 procurationem
1744 1099 1875 1140 Sacro·

638 1188 754 1227 rum,
785 1171 937 1214 caelestis
969 1170 1151 1211 doetrinae
1184 1169 1496 1223 institutionem,
1526 1184 1568 1210 ac
1600 1184 1811 1226 pauperum
1835 1170 1877 1210 in

638 1245 817 1289 Ecclefiis
841 1243 1009 1286 tutelam
1028 1242 1141 1298 hujus
1160 1257 1257 1284 voce
1283 1245 1320 1283 8<
1341 1243 1572 1283 auetoritate
1594 1241 1784 1296 dimissus,
1809 1242 1878 1298 qui

638 1319 858 1378 praeclaram
880 1318 993 1360 illam
1019 1332 1098 1359 non
1119 1315 1276 1357 referret
1298 1314 1477 1372 Episcopi
1498 1315 1735 1371 imaginem,
1759 1329 1878 1371 quam

638 1394 777 1436 Paulus
809 1393 851 1434 in
882 1391 955 1434 suis
980 1389 1164 1447 Epistolis
1195 1387 1462 1446 proposuisset?
1495 1392 1630 1446 Itaque
1662 1390 1703 1431 in
1730 1387 1879 1429 summa

638 1467 864 1508 divinarum
907 1479 1037 1507 rerum
1082 1461 1415 1504 administratione
1457 1461 1559 1503 nihil
1600 1462 1663 1504 illi
1706 1476 1879 1517 unquam

639 1539 715 1581 fuit
747 1538 1027 1597 Episcoporum
1067 1536 1140 1577 fide
1174 1535 1335 1578 sanfflus
1362 1569 1376 1591 ,
1419 1535 1519 1577 nihil
1550 1536 1789 1592 praestantius
1826 1534 1880 1576 di-

640 1613 817 1668 gnitate,
860 1610 962 1653 nihil
994 1608 1271 1652 benevolentia
1301 1622 1419 1666 atque
1450 1624 1583 1651 amore
1614 1608 1881 1662 conjunffius.

645 1688 735 1727 Hoc
767 1685 875 1726 enim
907 1685 953 1724 de
984 1684 1031 1724 iis
1064 1682 1278 1735 sentiebat,
1308 1685 1413 1736 quod
1443 1687 1614 1735 Magnus
1645 1680 1881 1736 Gregorius,

641 1758 712 1801 effe
745 1759 815 1799 hos
848 1756 1014 1797 fratrum
1045 1754 1114 1797 fibi
1144 1754 1258 1807 loco,
1294 1767 1503 1794 commune
1534 1755 1582 1794 ab
1613 1753 1673 1794 his
1704 1754 1881 1794 Sacerdo-

642 1832 770 1885 tium,
802 1844 1012 1871 commune
1044 1842 1256 1886 pauperum
1287 1826 1570 1883 patrimonium
1597 1826 1765 1882 quadarn
1790 1824 1882 1878 juris

643 1903 908 1960 aequabilitate
939 1901 1220 1944 administrari.
1251 1902 1412 1942 Horum
1442 1899 1512 1955 qui
1532 1915 1660 1942 mores
1691 1914 1735 1940 ac
1759 1899 1882 1940 virtu-

647 1988 703 2018 tes
734 1975 923 2017 obnoxias
952 1975 1160 2030 fragilitati
1190 1974 1411 2015 communis
1442 1985 1586 2013 natura:
1618 1984 1730 2013 tanto
1760 1972 1882 2014 studio

645 2046 962 2104 prosequeretur,
1006 2062 1085 2103 quo
1116 2045 1273 2087 tandem
1305 2045 1439 2086 animo
1469 2043 1574 2086 fuiffe
1619 2045 1810 2087 credimus
1840 2046 1883 2087 in

646 2134 782 2161 eorum
828 2118 1003 2161 virorum
1047 2117 1292 2159 sanetitatem
1327 2148 1341 2171 ,
1382 2131 1478 2172 quos
1520 2117 1605 2159 vita
1646 2117 1798 2161 {unetos
1840 2119 1882 2160 in

648 2192 820 2234 caelitum
857 2206 1066 2234 numerum
1103 2190 1318 2233 referendos
1357 2189 1582 2244 judicaret?
1625 2193 1728 2249 quod
1759 2190 1884 2249 ipsum

648 2267 696 2307 ad
721 2280 862 2308 munus
886 2264 1110 2319 Pontificis,
1133 2265 1179 2307 ad
1200 2265 1394 2307 bonorum
1419 2264 1642 2322 exemplum
1657 2298 1670 2320 ‚
1700 2267 1747 2307 ad
1771 2266 1883 2308 decus

649 2338 869 2396 Religionis
907 2338 1141 2396 pertineret.
1185 2338 1477 2395 IgiturRoma
1517 2339 1618 2382 vidit
1660 2339 1746 2381 aliis
1787 2338 1884 2380 alios

1714 2412 1822 2452 datos
