2206 3423
1007 386 1128 479 ‘333
1205 415 1234 445 x
1321 383 1442 478 ξιξ»

607 498 838 540 Antistitem
870 499 1002 552 dedit,
1033 501 1111 541 haec
1143 503 1282 541 Romae
1313 498 1569 553 Pontificem,
1611 499 1690 540 haec
1723 499 1844 543 subla*-

608 585 719 626 tum,
759 586 799 614 ut
838 572 895 614 ita
937 573 1090 627 dicam,
1132 587 1343 629 pauperum
1380 573 1553 613 humeris
1590 571 1683 614 caelo
1722 589 1841 630 nuper

605 643 763 686 inseruit
785 676 795 686 .
839 645 941 701 Quis
972 647 1125 701 ignorat
1156 645 1391 703 amplificata
1422 649 1560 687 Romae
1592 644 1842 703 Hospstalia,

604 731 735 774 parata
761 718 942 775 pupillis,
972 719 1124 773 viduis,
1150 719 1302 775 aegrotis
1327 717 1567 760 miseriarum
1592 718 1844 773 levamenta,

606 791 742 847 stipem
785 792 826 832 in
858 793 937 833 dies
976 804 1177 845 erogatam
1207 792 1318 848 inopi
1347 792 1622 846 multitudini,
1665 791 1840 834 submiffa

607 864 727 905 etiam
752 863 959 903 Patavium
990 863 1199 917 quotannis
1226 864 1453 919 pauperibus
1484 865 1629 906 alendis
1655 863 1838 906 subfidia?

607 935 716 990 Quid
758 949 849 975 cum
892 949 1052 976 annonoe
1095 933 1227 990 inopia
1258 967 1271 989 ,
1313 950 1396 992 quae
1451 936 1534 977 caeli
1588 936 1841 978 inclementia

605 1022 864 1064 agrorumque
896 1007 1096 1049 sterilitate
1122 1019 1249 1049 totam
1281 1007 1402 1050 ferme
1429 1009 1586 1051 Italiam
1614 1023 1724 1052 metu
1754 1026 1843 1053 con.-

600 1081 792 1135 cufferat,
834 1080 964 1122 durius
1006 1081 1159 1122 Urbem
1202 1094 1423 1137 premeret,
1471 1097 1514 1123 ac
1559 1082 1738 1125 miseram
1776 1084 1842 1125 diu

602 1153 750 1196 samem
776 1156 812 1194 δ(
845 1154 1068 1195 vastitatem
1092 1154 1333 1195 minaretur?
1365 1154 1486 1206 Cujus
1512 1155 1713 1212 speetaculi
1739 1156 1843 1210 fuit,

601 1243 691 1270 cum
723 1227 880 1269 dimiffis
917 1229 990 1268 hac
1020 1227 1109 1269 illac
1141 1243 1283 1282 magna
1320 1228 1403 1268 auri
1434 1228 1543 1285 copia
1575 1228 1631 1269 rei
1669 1228 1838 1271 frumen·-

603 1302 709 1343 tariae
731 1302 994 1355 curatoribus,
1023 1301 1264 1360 frumentum
1290 1301 1459 1358 undique
1472 1302 1610 1342 Tiberi
1636 1302 1842 1344 advehere-

602 1387 686 1430 tur3
718 1390 808 1416 cum
840 1374 952 1416 effusa
982 1376 1174 1431 gregatim
1195 1374 1350 1417 subinde
1381 1376 1428 1416 ad
1460 1376 1558 1432 ripas
1578 1376 1790 1433 eriperetur
1820 1391 1840 1417 e

600 1448 700 1489 lethi
730 1464 847 1506 prope
867 1448 1038 1491 faucibus
1061 1449 1202 1506 pallida
1224 1449 1327 1491 fame
1348 1449 1579 1491 multitudo!
1611 1453 1651 1490 O
1677 1449 1840 1505 singula-

597 1536 683 1563 rem
707 1534 825 1577 atque
851 1522 1121 1563 incredibilem
1149 1523 1497 1564 benevolentiffimi
1519 1524 1691 1564 Parentis
1718 1523 1840 1579 pieta-

599 1607 681 1635 tem
707 1610 749 1636 ac
774 1595 1083 1652 providentiam,
1103 1611 1179 1652 qua
1203 1596 1349 1638 facium
1371 1597 1491 1637 etiam
1511 1596 1649 1650 fuerit,
1670 1611 1717 1637 ne
1742 1611 1839 1652 qua,

600 1680 643 1709 ut
674 1668 715 1709 in
746 1670 857 1709 rebus
887 1670 1027 1722 arclis,
1057 1670 1224 1711 oriretur
1254 1669 1412 1711 seditio:
1446 1671 1548 1723 quod
1580 1685 1628 1710 ne
1660 1668 1835 1709 Romani

598 1741 758 1798 quidem
790 1740 975 1782 Consules
1005 1741 1047 1781 in
1080 1753 1162 1781 tam
1194 1741 1376 1796 opulenta
1406 1743 1504 1796 Rep.
1536 1740 1660 1780 vitare
1692 1738 1835 1795 potuis-

598 1813 704 1855 sent!
737 1817 843 1855 Nam
867 1813 979 1855 illam
1004 1814 1103 1870 apud
1129 1816 1303 1855 Centum
1329 1812 1458 1853 Cellas
1484 1812 1708 1854 Custodiam
1741 1812 1835 1868 quid

599 1887 730 1940 aliud,
761 1887 830 1928 nisi
862 1888 999 1929 caritas
1031 1887 1296 1942 excogitavit,
1329 1899 1370 1927 ut
1401 1885 1599 1940 religionis
1636 1885 1758 1927 cauffa
1790 1885 1833 1926 in

597 1959 769 2002 sontibus
812 1961 934 2002 etiam
976 1960 1176 2016 puniendis
1220 1972 1437 2016 parceretur
1479 1971 1614 1997 eorum
1659 1958 1833 2012 pudori,

599 2033 669 2089 qui
701 2031 765 2073 suo
796 2033 862 2088 ipfi
889 2048 966 2073 non
999 2030 1269 2088 peperciffent?
1302 2030 1499 2085 Equidem
1530 2044 1619 2070 cum
1644 2030 1724 2070 haec
1749 2045 1830 2071 me—

597 2120 689 2149 cum
720 2118 877 2160 reputo,
907 2119 950 2145 ac
976 2105 1079 2145 Petri
1109 2104 1242 2158 imago
1272 2101 1480 2156 procelloso
1510 2102 1608 2143 mari
1633 2103 1831 2145 interdum

597 2176 722 2231 subit,
754 2178 889 2218 videor
918 2177 1019 2217 mihi
1050 2192 1165 2233 prope
1202 2176 1343 2232 affequi
1379 2176 1513 2230 ignota
1552 2174 1620 2216 illa
1656 2174 1829 2232 profanis

478 2261 500 2290 Ι.
523 2259 560 2291 ad
605 2251 703 2307 apud
735 2249 898 2292 Paulum
942 2250 1112 2292 caritatis
1155 2249 1352 2306 prodigia,
1395 2263 1477 2305 quae
1510 2251 1630 2287 omnia
1668 2246 1827 2303 suffert,

448 2314 585 2353 C⁰¹·¹3'
605 2330 727 2366 omma
768 2323 915 2379 credit,
957 2326 1078 2367 omma
1107 2322 1237 2380 sperat
1257 2354 1270 2378 2
1313 2337 1433 2363 omma
1459 2320 1622 2378 sustinet
1641 2351 1650 2361 .
1695 2322 1827 2376 Quare

1605 2392 1775 2448 jastent,
